<?xml version="1.0" encoding="UTF-8"?><collection xmlns="http://www.loc.gov/MARC21/slim"><record><leader>00498nam--2200181-i-4500</leader><controlfield tag="001">000040192</controlfield><controlfield tag="002">20161230</controlfield><controlfield tag="005">20161230201042</controlfield><controlfield tag="008">060222s1000------------r-----000-0-fre-d</controlfield><datafield ind1=" " ind2=" " tag="040"><subfield code="a">IFIN-HH</subfield></datafield><datafield ind1=" " ind2=" " tag="041"><subfield code="a">fre</subfield></datafield><datafield ind1=" " ind2=" " tag="080"><subfield code="a">537.533.2(043)</subfield></datafield><datafield ind1="1" ind2=" " tag="100"><subfield code="a">Salomon,Stephen Neal</subfield></datafield><datafield ind1="1" ind2="0" tag="245"><subfield code="a">Emission electronique d`june jonction p-n de silicium</subfield><subfield code="b">These</subfield><subfield code="c">Stephe neal salomon</subfield></datafield><datafield ind1=" " ind2=" " tag="260"><subfield code="a">Paris</subfield><subfield code="b">Universite De Paris</subfield><subfield code="c">1964</subfield></datafield><datafield ind1=" " ind2=" " tag="300"><subfield code="a">47 P</subfield></datafield><datafield ind1=" " ind2=" " tag="852"><subfield code="a">77063</subfield><subfield code="c">537.533</subfield></datafield><datafield ind1=" " ind2=" " tag="CAT"><subfield code="a">Sys</subfield><subfield code="c">20110830</subfield><subfield code="h">161950</subfield></datafield></record></collection>